%% This BibTeX bibliography file was created using BibDesk.
%% https://bibdesk.sourceforge.io/

%% Created for Utku Birkan at 2021-11-05 12:01:13 +0300 


%% Saved with string encoding Unicode (UTF-8) 



@article{Hein2006EntanglementIG,
	author = {Marc Hein and Wolfgang Dur and Jens Eisert and Robert Raussendorf and Maarten Van den Nest and Hans J. Briegel},
	date-added = {2021-11-05 11:54:01 +0300},
	date-modified = {2021-11-05 11:54:01 +0300},
	journal = {arXiv: Quantum Physics},
	title = {Entanglement in Graph States and its Applications},
	year = {2006},
	bdsk-file-1 = {YnBsaXN0MDDSAQIDBFxyZWxhdGl2ZVBhdGhZYWxpYXNEYXRhXxBbLi4vLi4vLi4vLi4vTGlicmFyeS9Nb2JpbGUgRG9jdW1lbnRzL2lDbG91ZH5uZXR+aGlnaGxpZ2h0c2FwcC9Eb2N1bWVudHMvcGh5czQwMC8wNjAyMDk2LnBkZk8RAagAAAAAAagAAgAACUFQUExFIFNTRAAAAAAAAAAAAAAAAAAAAAAAAAAAAABCRAAB/////wswNjAyMDk2LnBkZgAAAAAAAAAAAAAAAAAAAAAAAAAAAAAAAAAAAAAAAAAAAAAAAAAAAAAAAAAAAAAAAAAAAAD/////AAAAAAAAAAAAAAAAAAQABgAACiBjdQAAAAAAAAAAAAAAAAAHcGh5czQwMAAAAgBdLzpVc2VyczpiaXJrMDpMaWJyYXJ5Ok1vYmlsZSBEb2N1bWVudHM6aUNsb3Vkfm5ldH5oaWdobGlnaHRzYXBwOkRvY3VtZW50czpwaHlzNDAwOjA2MDIwOTYucGRmAAAOABgACwAwADYAMAAyADAAOQA2AC4AcABkAGYADwAUAAkAQQBQAFAATABFACAAUwBTAEQAEgBbVXNlcnMvYmlyazAvTGlicmFyeS9Nb2JpbGUgRG9jdW1lbnRzL2lDbG91ZH5uZXR+aGlnaGxpZ2h0c2FwcC9Eb2N1bWVudHMvcGh5czQwMC8wNjAyMDk2LnBkZgAAEwABLwAAFQACAAz//wAAAAgADQAaACQAggAAAAAAAAIBAAAAAAAAAAUAAAAAAAAAAAAAAAAAAAIu}}
